
		<record>
			<header>
				<identifier>oai:dnb.de/dnb-all:reiheN/1173813659</identifier>
				<datestamp>2019-02-18T12:01:18Z</datestamp>
				<setSpec>dnb-all:reiheN</setSpec>
			</header>
			<metadata>
				<record type="Bibliographic" xmlns="http://www.loc.gov/MARC21/slim">
					<leader>00000nam a22000008c 4500</leader>
					<controlfield tag="001">1173813659</controlfield>
					<controlfield tag="003">DE-101</controlfield>
					<controlfield tag="005">20190218130118.0</controlfield>
					<controlfield tag="007">tu</controlfield>
					<controlfield tag="008">181219s2020 gw ||||| |||| 00||||ger  </controlfield>
					<datafield tag="015" ind1=" " ind2=" ">
						<subfield code="a">19,N01</subfield>
						<subfield code="2">dnb</subfield>
					</datafield>
					<datafield tag="016" ind1="7" ind2=" ">
						<subfield code="2">DE-101</subfield>
						<subfield code="a">1173813659</subfield>
					</datafield>
					<datafield tag="020" ind1=" " ind2=" ">
						<subfield code="a">9783662549162</subfield>
						<subfield code="c">Book + eBook : circa EUR 19.99 (DE), circa EUR 20.46 (AT), circa CHF 22.00 (freier Preis)</subfield>
						<subfield code="9">978-3-662-54916-2</subfield>
					</datafield>
					<datafield tag="020" ind1=" " ind2=" ">
						<subfield code="a">3662549166</subfield>
						<subfield code="9">3-662-54916-6</subfield>
					</datafield>
					<datafield tag="024" ind1="3" ind2=" ">
						<subfield code="a">9783662549162</subfield>
					</datafield>
					<datafield tag="028" ind1="5" ind2="2">
						<subfield code="a">Bestellnummer: 978-3-662-54916-2</subfield>
					</datafield>
					<datafield tag="028" ind1="5" ind2="2">
						<subfield code="a">Bestellnummer: 86916888</subfield>
					</datafield>
					<datafield tag="035" ind1=" " ind2=" ">
						<subfield code="a">(DE-599)DNB1173813659</subfield>
					</datafield>
					<datafield tag="040" ind1=" " ind2=" ">
						<subfield code="a">1145</subfield>
						<subfield code="b">ger</subfield>
						<subfield code="c">DE-101</subfield>
						<subfield code="d">9999</subfield>
					</datafield>
					<datafield tag="041" ind1=" " ind2=" ">
						<subfield code="a">ger</subfield>
					</datafield>
					<datafield tag="044" ind1=" " ind2=" ">
						<subfield code="c">XA-DE-BE</subfield>
					</datafield>
					<datafield tag="082" ind1="7" ind2="4">
						<subfield code="8">1\p</subfield>
						<subfield code="a">030</subfield>
						<subfield code="q">DE-101</subfield>
						<subfield code="2">23sdnb</subfield>
					</datafield>
					<datafield tag="100" ind1="1" ind2=" ">
						<subfield code="a">Alesch, François</subfield>
						<subfield code="4">aut</subfield>
					</datafield>
					<datafield tag="245" ind1="0" ind2="0">
						<subfield code="a">Tiefe Hirnstimulation</subfield>
						<subfield code="b">Ein Ratgeber für Patienten und Angehörige</subfield>
						<subfield code="c">François Alesch</subfield>
					</datafield>
					<datafield tag="250" ind1=" " ind2=" ">
						<subfield code="a">2. Auflage 2019</subfield>
					</datafield>
					<datafield tag="263" ind1=" " ind2=" ">
						<subfield code="a">202002</subfield>
					</datafield>
					<datafield tag="264" ind1=" " ind2="1">
						<subfield code="a">Berlin</subfield>
						<subfield code="b">Springer Berlin</subfield>
						<subfield code="b">Springer</subfield>
						<subfield code="c">2020</subfield>
					</datafield>
					<datafield tag="300" ind1=" " ind2=" ">
						<subfield code="c">19 cm x 12.7 cm</subfield>
						<subfield code="e">Enthält: 1 Online-Ressource</subfield>
					</datafield>
					<datafield tag="336" ind1=" " ind2=" ">
						<subfield code="a">Text</subfield>
						<subfield code="b">txt</subfield>
						<subfield code="2">rdacontent</subfield>
					</datafield>
					<datafield tag="337" ind1=" " ind2=" ">
						<subfield code="a">nicht spezifiziert</subfield>
						<subfield code="b">z</subfield>
						<subfield code="2">rdamedia</subfield>
					</datafield>
					<datafield tag="338" ind1=" " ind2=" ">
						<subfield code="a">nicht spezifiziert</subfield>
						<subfield code="b">zu</subfield>
						<subfield code="2">rdacarrier</subfield>
					</datafield>
					<datafield tag="653" ind1=" " ind2=" ">
						<subfield code="a">(Produktform)Mixed media product</subfield>
					</datafield>
					<datafield tag="653" ind1=" " ind2=" ">
						<subfield code="a">(BISAC Subject Heading)MED000000</subfield>
					</datafield>
					<datafield tag="653" ind1=" " ind2=" ">
						<subfield code="a">(BISAC Subject Heading)VFD</subfield>
					</datafield>
					<datafield tag="653" ind1=" " ind2=" ">
						<subfield code="a">Dystonie</subfield>
					</datafield>
					<datafield tag="653" ind1=" " ind2=" ">
						<subfield code="a">Essentieller Tremor</subfield>
					</datafield>
					<datafield tag="653" ind1=" " ind2=" ">
						<subfield code="a">Neurologie</subfield>
					</datafield>
					<datafield tag="653" ind1=" " ind2=" ">
						<subfield code="a">Parkinson</subfield>
					</datafield>
					<datafield tag="653" ind1=" " ind2=" ">
						<subfield code="a">Stereotaxie</subfield>
					</datafield>
					<datafield tag="653" ind1=" " ind2=" ">
						<subfield code="a">tiefe Hirnstimulation</subfield>
					</datafield>
					<datafield tag="653" ind1=" " ind2=" ">
						<subfield code="a">(BISAC Subject Heading)MED056000</subfield>
					</datafield>
					<datafield tag="653" ind1=" " ind2=" ">
						<subfield code="a">(BISAC Subject Heading)MED085010</subfield>
					</datafield>
					<datafield tag="653" ind1=" " ind2=" ">
						<subfield code="a">(BISAC Subject Heading)MED073000</subfield>
					</datafield>
					<datafield tag="653" ind1=" " ind2=" ">
						<subfield code="a">(BIC subject category)MJN</subfield>
					</datafield>
					<datafield tag="653" ind1=" " ind2=" ">
						<subfield code="a">(BIC subject category)MNN</subfield>
					</datafield>
					<datafield tag="653" ind1=" " ind2=" ">
						<subfield code="a">(BIC subject category)MQV</subfield>
					</datafield>
					<datafield tag="653" ind1=" " ind2=" ">
						<subfield code="a">(Springer Nature Marketing Classification)A</subfield>
					</datafield>
					<datafield tag="653" ind1=" " ind2=" ">
						<subfield code="a">(Springer Nature Subject Code)SCQ14008: Popular Science in Medicine and Health</subfield>
					</datafield>
					<datafield tag="653" ind1=" " ind2=" ">
						<subfield code="a">(Springer Nature Subject Collection)SUCO11650: Medicine</subfield>
					</datafield>
					<datafield tag="653" ind1=" " ind2=" ">
						<subfield code="a">(Springer Nature Subject Code)SCH36001: Neurology</subfield>
					</datafield>
					<datafield tag="653" ind1=" " ind2=" ">
						<subfield code="a">(Springer Nature Subject Code)SCH39000: Neurosurgery</subfield>
					</datafield>
					<datafield tag="653" ind1=" " ind2=" ">
						<subfield code="a">(Springer Nature Subject Code)SCH55006: Rehabilitation</subfield>
					</datafield>
					<datafield tag="653" ind1=" " ind2=" ">
						<subfield code="a">(BISAC Subject Heading)MED000000</subfield>
					</datafield>
					<datafield tag="653" ind1=" " ind2=" ">
						<subfield code="a">(BIC subject category)VFD</subfield>
					</datafield>
					<datafield tag="653" ind1=" " ind2=" ">
						<subfield code="a">(VLB-WN)1910: Hardcover, Softcover / Sachbücher/Lexika, Nachschlagewerke</subfield>
					</datafield>
					<datafield tag="710" ind1="2" ind2=" ">
						<subfield code="0">(DE-588)1065168780</subfield>
						<subfield code="0">http://d-nb.info/gnd/1065168780</subfield>
						<subfield code="0">(DE-101)1065168780</subfield>
						<subfield code="a">Springer-Verlag GmbH</subfield>
						<subfield code="e">Verlag</subfield>
						<subfield code="4">pbl</subfield>
					</datafield>
					<datafield tag="776" ind1="0" ind2="8">
						<subfield code="i">Erscheint auch als</subfield>
						<subfield code="n">Online-Ausgabe</subfield>
						<subfield code="z">9783662549179</subfield>
					</datafield>
					<datafield tag="780" ind1="0" ind2="0">
						<subfield code="i">Vorangegangen ist</subfield>
						<subfield code="z">9783709102534</subfield>
					</datafield>
					<datafield tag="856" ind1="4" ind2="2">
						<subfield code="m">X:MVB</subfield>
						<subfield code="q">text/html</subfield>
						<subfield code="u">http://deposit.dnb.de/cgi-bin/dokserv?id=6e8233777ca3401fb1229218464946e5&amp;prov=M&amp;dok_var=1&amp;dok_ext=htm</subfield>
						<subfield code="3">Inhaltstext</subfield>
					</datafield>
					<datafield tag="856" ind1="4" ind2="2">
						<subfield code="m">X:MVB</subfield>
						<subfield code="u">http://www.springer.com/</subfield>
					</datafield>
					<datafield tag="883" ind1="1" ind2=" ">
						<subfield code="8">1\p</subfield>
						<subfield code="a">maschinell gebildet</subfield>
						<subfield code="d">20181219</subfield>
						<subfield code="q">DE-101</subfield>
					</datafield>
					<datafield tag="926" ind1="2" ind2=" ">
						<subfield code="a">MKJ</subfield>
						<subfield code="o">93</subfield>
						<subfield code="q">Publisher</subfield>
						<subfield code="v">1.2</subfield>
						<subfield code="x">Neurologie und klinische Neurophysiologie</subfield>
					</datafield>
					<datafield tag="926" ind1="2" ind2=" ">
						<subfield code="a">MNN</subfield>
						<subfield code="o">93</subfield>
						<subfield code="q">Publisher</subfield>
						<subfield code="v">1.2</subfield>
						<subfield code="x">Neurochirurgie</subfield>
					</datafield>
					<datafield tag="926" ind1="2" ind2=" ">
						<subfield code="a">MQV</subfield>
						<subfield code="o">93</subfield>
						<subfield code="q">Publisher</subfield>
						<subfield code="v">1.2</subfield>
						<subfield code="x">Rehabilitation</subfield>
					</datafield>
					<datafield tag="926" ind1="2" ind2=" ">
						<subfield code="a">VFD</subfield>
						<subfield code="o">93</subfield>
						<subfield code="q">Publisher</subfield>
						<subfield code="v">1.2</subfield>
						<subfield code="x">Medizin und Gesundheit: Ratgeber, Sachbuch</subfield>
					</datafield>
				</record>
			</metadata>
		</record>
		<resumptionToken cursor="200" completeListSize="234">59375681_200</resumptionToken>
	</ListRecords>
</OAI-PMH>